<?xml version='1.0' encoding='UTF-8'?>
<record xmlns="http://www.loc.gov/MARC21/slim">
  <leader>00995cam a2200217   4500</leader>
  <controlfield tag="001">2737336</controlfield>
  <controlfield tag="003">NjP</controlfield>
  <controlfield tag="005">20171006170143.0</controlfield>
  <controlfield tag="008">810922m19589999iq            000 0 ararc</controlfield>
  <datafield tag="024" ind1="7" ind2=" ">
    <subfield code="a">princeton_aco002088</subfield>
    <subfield code="2">local</subfield>
  </datafield>
  <datafield ind1=" " ind2=" " tag="010">
    <subfield code="a">ne 64000144  </subfield>
  </datafield>
  <datafield ind1=" " ind2=" " tag="035">
    <subfield code="a">(OCoLC)ocm07782698</subfield>
  </datafield>
  <datafield ind1=" " ind2=" " tag="035">
    <subfield code="9">CNC5754TS</subfield>
  </datafield>
  <datafield ind1=" " ind2=" " tag="040">
    <subfield code="a">Princeton Univ. Libr.</subfield>
    <subfield code="c">TKN</subfield>
    <subfield code="d">TKN</subfield>
    <subfield code="d">PUL</subfield>
  </datafield>
  <datafield ind1="1" ind2=" " tag="100">
    <subfield code="a">Ṭūsī, Muḥammad ibn al-Ḥasan,</subfield>
    <subfield code="d">995-1067?</subfield>
    <subfield code="0">http://id.loc.gov/authorities/names/n80149963</subfield>
  </datafield>
  <datafield ind1="1" ind2="0" tag="245">
    <subfield code="a">Tahdhīb al-aḥkām fī sharḥ al-Muqniʻah lil-shaykh al-Mufīd.</subfield>
    <subfield code="c">taʾlīf shaykh al-tāʾifah Abī Jaʻfar Muḥammad ibn al-Ḥasan al-Ṭūsī ḥaqqaqahu wa-ʻallaqa alayh Hasan al-Mūswī al-Kharsān.</subfield>
  </datafield>
  <datafield ind1=" " ind2=" " tag="250">
    <subfield code="a">al-ṭabʻah al-thaniyah.</subfield>
  </datafield>
  <datafield ind1=" " ind2=" " tag="260">
    <subfield code="a">al-Najaf,</subfield>
    <subfield code="b">Dār al-Kutub al-Islāmīyah,</subfield>
    <subfield code="c">[1958-</subfield>
  </datafield>
  <datafield ind1=" " ind2=" " tag="300">
    <subfield code="a">v.</subfield>
    <subfield code="c">25 cm.</subfield>
  </datafield>
  <datafield ind1="1" ind2="0" tag="600">
    <subfield code="a">Mufīd, Muḥammad ibn Muḥammad,</subfield>
    <subfield code="d">-1022.</subfield>
    <subfield code="t">Risālah al-muqniʻah.</subfield>
  </datafield>
  <datafield ind1=" " ind2=" " tag="945">
    <subfield code="a">F</subfield>
    <subfield code="b">1</subfield>
    <subfield code="c">2272.6642.827</subfield>
    <subfield code="e">v.1-10</subfield>
  </datafield>
  <datafield ind1=" " ind2=" " tag="911">
    <subfield code="a">20000130</subfield>
  </datafield>
  <datafield ind1="0" ind2="1" tag="852">
    <subfield code="0">3047910</subfield>
    <subfield code="b">nec</subfield>
    <subfield code="t">1</subfield>
    <subfield code="h">KBP370.M83</subfield>
    <subfield code="i">A37 1958</subfield>
  </datafield>
  <datafield ind1=" " ind2="0" tag="866">
    <subfield code="0">3047910</subfield>
    <subfield code="8">0</subfield>
    <subfield code="a">v.1-10</subfield>
  </datafield>
  <datafield ind1=" " ind2=" " tag="959">
    <subfield code="a">2000-10-19 12:58:08 -0400</subfield>
  </datafield>
</record>
